<record><leader>00000cas a2200000 a 4500</leader><controlfield tag="001">8786751</controlfield><controlfield tag="008">820918c19649999wiuwr ne      0   a0eng d</controlfield><datafield ind1=" " ind2=" " tag="010"><subfield code="a">sn 84007014 </subfield></datafield><datafield ind1=" " ind2=" " tag="040"><subfield code="a">GZF</subfield><subfield code="b">eng</subfield><subfield code="c">GZF</subfield><subfield code="d">NSD</subfield><subfield code="d">NPV</subfield><subfield code="d">OCL</subfield><subfield code="d">OCLCQ</subfield></datafield><datafield ind1=" " ind2=" " tag="012"><subfield code="l">1</subfield><subfield code="m">1</subfield></datafield><datafield ind1="1" ind2=" " tag="022"><subfield code="a">0749-7083</subfield><subfield code="l">0749-7083</subfield><subfield code="2">1</subfield></datafield><datafield ind1=" " ind2=" " tag="032"><subfield code="a">781-820</subfield><subfield code="b">USPS</subfield></datafield><datafield ind1=" " ind2=" " tag="037"><subfield code="b">Michael D. Jensen, 156 W. Lincoln, Augusta, WI 54722</subfield></datafield><datafield ind1=" " ind2=" " tag="042"><subfield code="a">nsdp</subfield></datafield><datafield ind1=" " ind2=" " tag="045"><subfield code="a">x6--</subfield></datafield><datafield ind1=" " ind2=" " tag="052"><subfield code="a">4123</subfield><subfield code="b">E2</subfield><subfield code="b">T7</subfield></datafield><datafield ind1=" " ind2="0" tag="222"><subfield code="a">Augusta area times</subfield></datafield><datafield ind1="0" ind2="0" tag="245"><subfield code="a">Augusta area times.</subfield></datafield><datafield ind1=" " ind2=" " tag="260"><subfield code="a">Augusta, Wis. :</subfield><subfield code="b">E.M. Herrell,</subfield><subfield code="c">1964-</subfield></datafield><datafield ind1=" " ind2=" " tag="300"><subfield code="a">v. :</subfield><subfield code="b">ill.,</subfield><subfield code="c">59 cm.</subfield></datafield><datafield ind1=" " ind2=" " tag="310"><subfield code="a">Weekly.</subfield></datafield><datafield ind1="0" ind2=" " tag="362"><subfield code="a">Ninetieth year, no. 1 (Jan. 1, 1964)-</subfield></datafield><datafield ind1=" " ind2=" " tag="500"><subfield code="a">Publisher varies.</subfield></datafield><datafield ind1=" " ind2=" " tag="515"><subfield code="a">Issued in two sections.</subfield></datafield><datafield ind1=" " ind2=" " tag="530"><subfield code="a">Available on microfilm from The State Historical Society of Wisconsin.</subfield></datafield><datafield ind1=" " ind2=" " tag="500"><subfield code="a">Editors: E.M. Herrell, Jan. 1, 1964-March 28, 1974; J.S. Klund, Sept. 16, 1976-Feb. 23, 1978; J. Strobel, March 2, 1978-April 30, 1981;J. Conner, June 11, 1981-April 7, 1983; B. Bjerkeset, April 21, 1983-Nov. 6, 1985; B. Kirk, Nov. 13, 1985-</subfield></datafield><datafield ind1=" " ind2=" " tag="580"><subfield code="a">Issued with: Tri-county news (Osseo, Wis.), May 9, 1984.</subfield></datafield><datafield ind1=" " ind2=" " tag="752"><subfield code="a">United States</subfield><subfield code="b">Wisconsin</subfield><subfield code="c">Eau Claire</subfield><subfield code="d">Augusta.</subfield></datafield><datafield ind1=" " ind2=" " tag="752"><subfield code="a">United States</subfield><subfield code="b">Wisconsin</subfield><subfield code="c">Eau Claire</subfield><subfield code="d">Fairchild.</subfield></datafield><datafield ind1=" " ind2=" " tag="752"><subfield code="a">United States</subfield><subfield code="b">Wisconsin</subfield><subfield code="c">Eau Claire</subfield><subfield code="d">Fall Creek.</subfield></datafield><datafield ind1=" " ind2=" " tag="752"><subfield code="a">United States</subfield><subfield code="b">Wisconsin</subfield><subfield code="c">Trempealeau</subfield><subfield code="d">Osseo.</subfield></datafield><datafield ind1=" " ind2=" " tag="752"><subfield code="a">United States</subfield><subfield code="b">Wisconsin</subfield><subfield code="c">Trempealeau</subfield><subfield code="d">Strum.</subfield></datafield><datafield ind1=" " ind2=" " tag="752"><subfield code="a">United States</subfield><subfield code="b">Wisconsin</subfield><subfield code="c">Trempealeau</subfield><subfield code="d">Eleva.</subfield></datafield><datafield ind1="1" ind2=" " tag="777"><subfield code="a">Tri-county news (Osseo, Wis. : 1965)</subfield><subfield code="w">(DLC)sn 8407019</subfield></datafield><datafield ind1="0" ind2="0" tag="780"><subfield code="t">Union (Augusta, Wis.)</subfield><subfield code="w">(DLC)sn  86086208</subfield></datafield></record>